@inproceedings{ref1,
  author = {Metter, C. and Gebert, S. and Lange, S. and Zinner, T. and Tran-Gia, P. and Jarschel, M.},
  title = {Investigating the impact of network topology on the processing times of SDN controllers},
  booktitle = {2015 IFIP/IEEE International Symposium on Integrated Network Management (IM)},
  year = {2015},
  pages = {1214--1219},
  doi = {10.1109/INM.2015.7140469},
  url = {https://ieeexplore.ieee.org/abstract/document/7140469}
}

@inproceedings{ref2,
  author = {Salman, O. and Elhajj, I. H. and Kayssi, A. and Chehab, A.},
  title = {SDN controllers: A comparative study},
  booktitle = {2016 18th Mediterranean Electrotechnical Conference (MELECON)},
  year = {2016},
  pages = {1--6},
  doi = {10.1109/MELECON.2016.7495430},
  url = {https://ieeexplore.ieee.org/abstract/document/7495430}
}

@article{ref3,
  author = {Paliwal, M. and Shrimankar, D. and Tembhurne, O.},
  title = {Controllers in SDN: A Review Report},
  journal = {IEEE Access},
  volume = {6},
  pages = {36256--36270},
  year = {2018},
  doi = {10.1109/ACCESS.2018.2850760},
  url = {https://ieeexplore.ieee.org/abstract/document/8379403}
}

@inproceedings{ref4,
  author = {Rajaratnam, A. and Kadikar, R. and Prince, S. and Valarmathi, M.},
  title = {Software defined networks: Comparative analysis of topologies with ONOS},
  booktitle = {2017 International Conference on Wireless Communications, Signal Processing and Networking (WiSPNET)},
  pages = {1377--1381},
  year = {2017},
  doi = {10.1109/WiSPNET.2017.8299989},
  url = {https://ieeexplore.ieee.org/abstract/document/8299989}
}
